
@misc{truemoveh,
	author = {Lew’s Blog},
	title = {\textbf{ TRUEMOVE H เผลอเปิดสตอเรจบน S3 ออกสาธารณะ ข้อมูลภาพบัตรประชาชนลงทะเบียนเลขหมายหลุดจำนวนมาก}},
	url = {https://www.blognone.com/node/101492},
	year = {2018},
	month = {Apr},
}

@misc{what-is-an-exploit, title={What is... an exploit?}, url={https://news.sophos.com/en-us/2016/09/26/what-is-an-exploit/}, journal={Sophos News}, author={Ducklin, Paul}, year={2018}, month={Jun}}

